@misc{guava,
  author       = {Google},
  title        = {Guava},
  url =     {https://github.com/google/guava}
}